<record><leader>00000cas a22000007a 4500</leader><controlfield tag="001">15684685</controlfield><controlfield tag="008">870514d19061948paudn ne      0    0slo  </controlfield><datafield ind1=" " ind2=" " tag="010"><subfield code="a">sn 87062183 </subfield></datafield><datafield ind1=" " ind2=" " tag="040"><subfield code="a">DLC</subfield><subfield code="b">eng</subfield><subfield code="c">DLC</subfield><subfield code="d">OCLCQ</subfield></datafield><datafield ind1=" " ind2=" " tag="042"><subfield code="a">msc</subfield></datafield><datafield ind1="0" ind2="0" tag="050"><subfield code="a">Newspaper 7002</subfield></datafield><datafield ind1="0" ind2="0" tag="245"><subfield code="a">L'udovy&#769; denni&#769;k =</subfield><subfield code="b">People's daily.</subfield></datafield><datafield ind1="3" ind2="1" tag="246"><subfield code="a">People's daily</subfield></datafield><datafield ind1=" " ind2=" " tag="260"><subfield code="a">Pittsburgh, Pa. :</subfield><subfield code="b">[Ludovy&#769; Denni&#769;k Pub. Association]</subfield></datafield><datafield ind1=" " ind2=" " tag="300"><subfield code="a">v. :</subfield><subfield code="b">ill. ;</subfield><subfield code="c">57 cm.</subfield></datafield><datafield ind1=" " ind2=" " tag="310"><subfield code="a">Daily (except Sun. &amp; Mon.)</subfield></datafield><datafield ind1="1" ind2=" " tag="362"><subfield code="a">Began in 1906; ceased in 1948?</subfield></datafield><datafield ind1=" " ind2=" " tag="500"><subfield code="a">"Labor." Cf. Ayer, 1948.</subfield></datafield><datafield ind1=" " ind2=" " tag="546"><subfield code="a">In Slovak with some pieces in English.</subfield></datafield><datafield ind1=" " ind2=" " tag="588"><subfield code="a">Description based on: Vol. 39, no. 74 (Apr. 14, 1945).</subfield></datafield><datafield ind1=" " ind2=" " tag="752"><subfield code="a">United States</subfield><subfield code="b">Pennsylvania</subfield><subfield code="c">Allegheny</subfield><subfield code="d">Pittsburgh.</subfield></datafield><datafield ind1="1" ind2=" " tag="029"><subfield code="a">AU@</subfield><subfield code="b">000025840867</subfield></datafield></record>